<?xml version="1.0" encoding="UTF-8"?><collection xmlns="http://www.loc.gov/MARC21/slim"><record><leader>00587nam--2200181-i-4500</leader><controlfield tag="001">000038727</controlfield><controlfield tag="002">20161230</controlfield><controlfield tag="005">20161230201041</controlfield><controlfield tag="008">060222s1000------------r-----000-0-fre-d</controlfield><datafield ind1=" " ind2=" " tag="040"><subfield code="a">IFIN-HH</subfield></datafield><datafield ind1=" " ind2=" " tag="041"><subfield code="a">fre</subfield></datafield><datafield ind1=" " ind2=" " tag="080"><subfield code="a">537.633.2(043)</subfield></datafield><datafield ind1="1" ind2=" " tag="100"><subfield code="a">Ribeiro Carlos Alberto</subfield></datafield><datafield ind1="1" ind2="0" tag="245"><subfield code="a">Etude par effet hell de la mobilite des trous dans la couche d`inversion d`une structure mos aux basses temperatures</subfield><subfield code="b">These</subfield><subfield code="c">Carlos alberto ribeiro</subfield></datafield><datafield ind1=" " ind2=" " tag="260"><subfield code="a">Grenoble</subfield><subfield code="b">Universite Scientifique Et Medicale</subfield><subfield code="c">1971</subfield></datafield><datafield ind1=" " ind2=" " tag="300"><subfield code="a">37P</subfield></datafield><datafield ind1=" " ind2=" " tag="852"><subfield code="a">77148</subfield><subfield code="c">537.311.33</subfield></datafield><datafield ind1=" " ind2=" " tag="CAT"><subfield code="a">Sys</subfield><subfield code="c">20110802</subfield><subfield code="h">100341</subfield></datafield></record></collection>